<record xmlns="http://www.loc.gov/MARC21/slim" xmlns:xsi="http://www.w3.org/2001/XMLSchema-instance" xsi:schemaLocation="http://www.loc.gov/MARC21/slim http://www.loc.gov/standards/marcxml/schema/MARC21slim.xsd"><leader>02102nam a2200397   4500</leader><controlfield tag="001">001470056</controlfield><controlfield tag="003">NNU</controlfield><controlfield tag="006">m        d        </controlfield><controlfield tag="007">cr cn |||m|||a</controlfield><controlfield tag="008">150223m19481950ua      o     000 0 ara d</controlfield><datafield ind1=" " ind2=" " tag="040"><subfield code="a">NNU</subfield><subfield code="b">eng</subfield><subfield code="c">NNU</subfield></datafield><datafield ind1=" " ind2=" " tag="066"><subfield code="c">(3</subfield></datafield><datafield ind1=" " ind2=" " tag="090"><subfield code="a">PJ6111</subfield><subfield code="b">.J37 1948</subfield></datafield><datafield ind1="1" ind2=" " tag="100"><subfield code="6">880-01</subfield><subfield code="a">J&#257;rim, &#699;Al&#299;</subfield></datafield><datafield ind1="1" ind2="0" tag="240"><subfield code="6">880-02</subfield><subfield code="a">Na&#7717;w al-w&#257;&#7693;i&#7717; f&#299; qaw&#257;&#699;id al-lughah al-&#699;Arab&#299;yah lil-mad&#257;ris al-th&#257;naw&#299;yah</subfield></datafield><datafield ind1="1" ind2="0" tag="245"><subfield code="6">880-03</subfield><subfield code="a">Kit&#257;b al-na&#7717;w al-w&#257;&#7693;i&#7717; f&#299; qaw&#257;&#699;id al-lughah al-&#699;Arab&#299;yah lil-mad&#257;ris al-th&#257;naw&#299;yah</subfield><subfield code="h">[electronic resource] /</subfield><subfield code="c">ta&#700;l&#299;f &#699;Al&#299; al-J&#257;rim wa-Mu&#7779;&#7789;af&#225; Am&#299;n.</subfield></datafield><datafield ind1=" " ind2=" " tag="250"><subfield code="6">880-04</subfield><subfield code="a">al-&#7788;ab&#699;ah 10.</subfield></datafield><datafield ind1=" " ind2=" " tag="260"><subfield code="6">880-05</subfield><subfield code="a">Mi&#7779;r :</subfield><subfield code="b">D&#257;r al-Ma&#699;&#257;rif,</subfield><subfield code="c">1948-1950.</subfield></datafield><datafield ind1=" " ind2=" " tag="300"><subfield code="a">online resource (3 v.)</subfield></datafield><datafield ind1=" " ind2=" " tag="500"><subfield code="a">Vol. 2: al-&#7788;ab&#699;ah 11; v. 3: al-&#7788;ab&#699;ah 9.</subfield></datafield><datafield ind1=" " ind2=" " tag="500"><subfield code="a">Part of the Arabic Collections Online (ACO) project, contributed by New York Univeristy Libraries.</subfield></datafield><datafield ind1=" " ind2=" " tag="533"><subfield code="a">Electronic reproduction.</subfield><subfield code="b">New York, N.Y. :</subfield><subfield code="c">New York University,</subfield><subfield code="d">2015.</subfield><subfield code="5">NNU</subfield></datafield><datafield ind1=" " ind2="0" tag="650"><subfield code="a">Arabic language</subfield><subfield code="x">Grammar.</subfield></datafield><datafield ind1="1" ind2=" " tag="700"><subfield code="6">880-06</subfield><subfield code="a">Am&#299;n, Mu&#7779;&#7789;af&#225;,</subfield><subfield code="d">1914-</subfield></datafield><datafield ind1="2" ind2=" " tag="710"><subfield code="a">New York University.</subfield><subfield code="b">Libraries.</subfield></datafield><datafield ind1="0" ind2=" " tag="730"><subfield code="a">Arabic Collections Online.</subfield></datafield><datafield ind1="0" ind2="8" tag="776"><subfield code="i">Print version:</subfield><subfield code="a">J&#257;rim, &#699;Al&#299; 880-01</subfield><subfield code="t">Kit&#257;b al-na&#7717;w al-w&#257;&#7693;i&#7717; f&#299; qaw&#257;&#699;id al-lughah al-&#699;Arab&#299;yah lil-mad&#257;ris al-th&#257;naw&#299;yah</subfield><subfield code="w">(NNU)001470056</subfield></datafield><datafield ind1="4" ind2="0" tag="856"><subfield code="u">http://hdl.handle.net/2333.1/qv9s4q61</subfield></datafield><datafield ind1="1" ind2=" " tag="880"><subfield code="6">100-01/</subfield><subfield code="a">&#1580;&#1575;&#1585;&#1605;&#1548; &#1593;&#1604;&#1610;.</subfield></datafield><datafield ind1="1" ind2="0" tag="880"><subfield code="6">240-02/</subfield><subfield code="a">&#1606;&#1581;&#1608; &#1575;&#1604;&#1608;&#1575;&#1590;&#1581; &#1601;&#1610; &#1602;&#1608;&#1575;&#1593;&#1583; &#1575;&#1604;&#1604;&#1594;&#1577; &#1575;&#1604;&#1593;&#1585;&#1576;&#1610;&#1577; &#1604;&#1604;&#1605;&#1583;&#1575;&#1585;&#1587; &#1575;&#1604;&#1579;&#1575;&#1606;&#1608;&#1610;&#1577;</subfield></datafield><datafield ind1="1" ind2="0" tag="880"><subfield code="6">245-03/</subfield><subfield code="a">&#1603;&#1578;&#1575;&#1576; &#1575;&#1604;&#1606;&#1581;&#1608; &#1575;&#1604;&#1608;&#1575;&#1590;&#1581; &#1601;&#1610; &#1602;&#1608;&#1575;&#1593;&#1583; &#1575;&#1604;&#1604;&#1594;&#1577; &#1575;&#1604;&#1593;&#1585;&#1576;&#1610;&#1577; &#1604;&#1604;&#1605;&#1583;&#1575;&#1585;&#1587; &#1575;&#1604;&#1579;&#1575;&#1606;&#1608;&#1610;&#1577; /</subfield><subfield code="c">&#1578;&#1571;&#1604;&#1610;&#1601; &#1593;&#1604;&#1610; &#1575;&#1604;&#1580;&#1575;&#1585;&#1605; &#1608;&#1605;&#1589;&#1591;&#1601;&#1609; &#1575;&#1605;&#1610;&#1606;.</subfield></datafield><datafield ind1=" " ind2=" " tag="880"><subfield code="6">250-04/</subfield><subfield code="a">&#1575;&#1604;&#1591;&#1576;&#1593;&#1577; &#1633;&#1632;.</subfield></datafield><datafield ind1=" " ind2=" " tag="880"><subfield code="6">260-05/</subfield><subfield code="a">&#1605;&#1589;&#1585; :</subfield><subfield code="b">&#1583;&#1575;&#1585; &#1575;&#1604;&#1605;&#1593;&#1575;&#1585;&#1601;&#1548;</subfield><subfield code="c">&#1633;&#1641;&#1636;&#1640;-&#1633;&#1641;&#1637;&#1632;.</subfield></datafield><datafield ind1="1" ind2=" " tag="880"><subfield code="6">700-06/</subfield><subfield code="a">&#1575;&#1605;&#1610;&#1606;&#1548; &#1605;&#1589;&#1591;&#1601;&#1609;.</subfield></datafield><datafield ind1=" " ind2=" " tag="959"><subfield code="a">NNU</subfield><subfield code="b">WEB</subfield><subfield code="c">GENI</subfield><subfield code="t">0</subfield><subfield code="m">Electronic access</subfield><subfield code="s">01</subfield></datafield><datafield ind1=" " ind2=" " tag="999"><subfield code="i">NNU_001470056</subfield><subfield code="s">nyu_aco000018:v.1</subfield><subfield code="s">nyu_aco000019:v.2</subfield><subfield code="s">nyu_aco000020:v.3</subfield></datafield></record>